@book{Devaney1989,
  author = {Robert L. Devaney},
  publisher = {Allan M. Wylde},
  title = {An Introduction to Chaotic Dynamical Systems; Second Edition},
  year = {1989}
}

@book{Billingsley1995,
  author = {Patrick Billingsley},
  publisher = {Wiley},
  title = {Probability and Measure; Third Edition},
  year = {1995}
}
